@online{NMAP,
title = {Host Discovery},
url = {https://nmap.org/book/man-host-discovery.html},
note = {Accessed: 29.03.2023}
}

@online{CIDR,
author = {Justin Ellingwood},
title = {Understanding IP Addresses, Subnets, and CIDR Notation for Networking},
url = {https://www.digitalocean.com/community/tutorials/understanding-ip-addresses-subnets-and-cidr-notation-for-networking},
note = {Accessed: 28.03.2023}
}

@online{http,
title = {http.server â€” HTTP servers},
url = {https://docs.python.org/3/library/http.server.html},
note = {Accessed: 28.03.2023}
}

@online{django,
title = {Django documentation},
url = {https://docs.djangoproject.com/en/4.1/},
note = {Accessed: 28.03.2023}
}

@online{flask,
title = {User's Guide},
url = {https://flask.palletsprojects.com/en/2.1.x/},
note = {Accessed: 28.03.2023}
}

@online{apache,
title = {mod_python},
url = {https://github.com/grisha/mod_python},
note = {Accessed: 30.03.2023}
}

@online{nginx,
title = {nginx-python-module},
url = {https://github.com/arut/nginx-python-module},
note = {Accessed: 30.03.2023}
}

@online{portforward,
title = {How To Forward a Port},
url = {https://portforward.com/},
note = {Accessed: 28.03.2023}
}

@online{raspi,
title = {Raspberry Pi Documentation},
url = {https://www.raspberrypi.com/documentation/computers/},
note = {Accessed: 30.03.2023}
}

@online{ICMP,
title = {Was ist das Internet Control Message Protocol (ICMP)?},
url = {https://www.cloudflare.com/de-de/learning/ddos/glossary/internet-control-message-protocol-icmp/},
note = {Accessed: 30.03.2023}
}

@online{crontab,
title = {Crontab Reboot: How to Execute a Job Automatically at Boot},
url = {https://phoenixnap.com/kb/crontab-reboot},
note = {Accessed: 30.03.2023}
}